<record><leader>00000cas a22000007a 4500</leader><controlfield tag="001">20176853</controlfield><controlfield tag="008">890814d19231946nduwr ne      0    0eng d</controlfield><datafield ind1=" " ind2=" " tag="010"><subfield code="a">sn 88076492 </subfield></datafield><datafield ind1=" " ind2=" " tag="040"><subfield code="a">NOP</subfield><subfield code="b">eng</subfield><subfield code="c">NOP</subfield><subfield code="d">OCLCQ</subfield></datafield><datafield ind1=" " ind2=" " tag="042"><subfield code="a">msc</subfield></datafield><datafield ind1="0" ind2="4" tag="245"><subfield code="a">The Wyndmere herald.</subfield></datafield><datafield ind1=" " ind2=" " tag="260"><subfield code="a">Wyndmere, Richland County, N.D. :</subfield><subfield code="b">Grytdahl Print. Co.</subfield></datafield><datafield ind1=" " ind2=" " tag="300"><subfield code="a">20 v. :</subfield><subfield code="b">ill. ;</subfield><subfield code="c">56 cm.</subfield></datafield><datafield ind1=" " ind2=" " tag="310"><subfield code="a">Weekly</subfield></datafield><datafield ind1="0" ind2=" " tag="362"><subfield code="a">Vol. 24, no. 19 (May 24, 1923)-v. 44, no. 5 (May 30, 1946).</subfield></datafield><datafield ind1=" " ind2=" " tag="515"><subfield code="a">Paper suspended publication Feb. 3, 1944-June 7, 1945.</subfield></datafield><datafield ind1=" " ind2=" " tag="530"><subfield code="a">Available on microfilm from the State Historical Society of North Dakota.</subfield></datafield><datafield ind1=" " ind2=" " tag="752"><subfield code="a">United States</subfield><subfield code="b">North Dakota</subfield><subfield code="c">Richland</subfield><subfield code="d">Wyndmere.</subfield></datafield><datafield ind1="0" ind2="0" tag="780"><subfield code="t">Wyndmere pioneer</subfield><subfield code="w">(DLC)sn 88076491</subfield></datafield><datafield ind1="0" ind2="4" tag="785"><subfield code="t">Cass County tribune and Tower City topics</subfield><subfield code="w">(DLC)sn 89074232</subfield></datafield></record>